\usepackage{url, breakurl, hyperref}

@article{independent_cooperative,
         author = "Ming Tan",
         title = "Multi-Agent Reinforcement Learning: Independent vs. Cooperative Agents",
         journal = "Proceedings of the Tenth International Conference on Machine Learning",
         year = "1993",
         pages = "330--337",
         publisher = "Morgan Kaufmann"
}

%         note = "[Online; accessed 29-October-2014]"
@misc{wiki:crowd,
         author = "Wikipedia",
         title = "Crowd Simulation",
         year = "2014",
         note = "\url{http://en.wikipedia.org/wiki/Crowd_simulation}"
}


@article{DenseSense,
         author = "Andrew Best and Sahil Narang and Sean Curtis and Dinesh Manocha",
         title = "{D}ense{S}ense: Interactive Crowd Simulation using Density-Dependent Filters",
         journal = "The Eurographics / {ACM} {SIGGRAPH} Symposium on Computer Animation, {SCA} '14, Copenhagen, Denmark, 2014.",   
         year = "2014",
         pages = "97--102",
         note = "\url{http://dx.doi.org/10.2312/sca.20141127}"
}

@article{SWARM,
         title = "Simulation Tools for Social Scientists: Building Agent Based Models with {SWARM}",
         author = "Terna, Pietro",
         year = "1998",
         journal = "Journal of Artificial Societies and Social Simulation",
         volume = "1",
         number = "2",
         note = "\url{http://EconPapers.repec.org/RePEc:jas:jasssj:1998-4-1}"
}

@article{arrieros,
         author = "Klaus Auer and Tim Norris",
         title = {``{A}rrieros{A}life" a Multi-Agent Approach Simulating the Evolution of a Social System: Modeling the Emergence of Social Networks with ``{A}scape"},
         journal = "J. Artificial Societies and Social Simulation",
         year = "2001",
         volume = "4",
         number = "1",
         note = "\url{http://jasss.soc.surrey.ac.uk/4/1/6.html}",
}

@article{modeling_natural_disaster,
         title = "Modeling and Simulation Agent-based of Natural Disaster Complex Systems ",
         author = "Karam Mustapha and Hamid Mcheick and Sehl Mellouli",
         journal = "Procedia Computer Science ",
         volume = "21",
         number = "0",
         pages = "148--155",
         year = "2013",
         note = "\url{http://www.sciencedirect.com/science/article/pii/S1877050913008144}"
}

